@Article{source,
	author = {Giulia Giordano and others},
	title = {Modelling the COVID-19 epidemic and implementation of population-wide interventions in Italy},
	publisher = {Nature Medicine},
	number = {26},
	pages = {855\,--\,860},
	year = {2020},
	url = {https://doi.org/10.1038/s41591-020-0883-7},
}

@MastersThesis{Cerny1999,
	author = {Martin ČERNÝ},
	title = {Znakové sady v typografických systémech},
	school = {Mendelova zemědělská a lesnická univerzita v Brne. Fakulta provozně ekonomická. Ústav informatiky},
	year = {1999},
	type = {Diplomová práce},
}

@Book{macromicro,
	author = {Robert BRINGHURST},
	title = {The Elements of Typographic Style},
	publisher = {Hartley \& Marks},
	year = {2008},
	ISBN = {978-0-88179-206-5},
}

@Book{gutten,
	author = {Marshall MCLUHAN},
	title = {The Gutenberg Galaxy: The Making of Typographic Man},
	publisher = {University of Toronto Press},
	year = {1962},
	edition = {1},
	ISBN = {978-0-8020-6041-9},
}

@Article{olsak,
	author = {Petr OLŠÁK},
	title = {TeX pro pragmatiky},
	journal = {Zpravodaj Československého sdružení uživatelů TeXu},
	volume = {24},
	number = {1\,--\,4},
	pages = {23\,--\,29},
	year = {2014},
	ISSN = {1211-6661},
}

@Misc{overleaf,
	title = {Creating a document in LaTeX},
	howpublished = {[online]},
	note = {[vid. 2019-04-15]},
	url = {https://www.overleaf.com/learn/latex/Creating_a_document_in_LaTeX},
}

@Misc{mathlatex,
	author = {Tomáš KALVODA},
	title = {Jak psát matematické formule v LaTeXu},
	howpublished = {[online]},
	year = {rev. 26. říjen 2018},
	note = {[vid. 2019-04-15]},
	url = {https://marast.fit.cvut.cz/cs/blog_posts/2},
}

@Misc{citation,
	author = {David MARTINEK},
	title = {Jak citovat jiné autory},
	howpublished = {[online]},
	year = {rev. 28. únor 2008},
	note = {[vid. 2019-04-15]},
	url = {http://www.fit.vutbr.cz/~martinek/latex/citace.html},
}

@Article{programs,
	author = {Ruud KONING},
	title = {A Comparison of Different LaTeX Programs.},
	journal = {Journal of Applied Econometrics},
	volume = {16},
	number = {1},
	pages = {81\,--\,92},
	year = {2001},
}

@Article{webmath,
	author = {Brian HAYES},
	title = {Computing Science: Writing Math on the Web.},
	journal = {American Scientist},
	volume = {97},
	number = {2},
	pages = {98\,--\,102},
	year = {2009},
}